<record><leader>00000cas a22000007a 4500</leader><controlfield tag="001">13569357</controlfield><controlfield tag="008">860514c19419999pauwr ne      0    0eng d</controlfield><datafield ind1=" " ind2=" " tag="010"><subfield code="a">sn 86081407 </subfield></datafield><datafield ind1=" " ind2=" " tag="040"><subfield code="a">NPH</subfield><subfield code="b">eng</subfield><subfield code="c">NPH</subfield><subfield code="d">OCLCQ</subfield></datafield><datafield ind1=" " ind2=" " tag="042"><subfield code="a">msc</subfield></datafield><datafield ind1="0" ind2="4" tag="245"><subfield code="a">The Canton independent-sentinel.</subfield></datafield><datafield ind1=" " ind2=" " tag="260"><subfield code="a">Canton, Pa. :</subfield><subfield code="b">Canton Pub. Co.,</subfield><subfield code="c">1941-</subfield></datafield><datafield ind1=" " ind2=" " tag="300"><subfield code="a">v.</subfield></datafield><datafield ind1=" " ind2=" " tag="310"><subfield code="a">Weekly</subfield></datafield><datafield ind1="0" ind2=" " tag="362"><subfield code="a">Seventy first yr., no. 21 (Sept. 18, 1941)-</subfield></datafield><datafield ind1=" " ind2=" " tag="752"><subfield code="a">United States</subfield><subfield code="b">Pennsylvania</subfield><subfield code="c">Bradford</subfield><subfield code="d">Canton.</subfield></datafield><datafield ind1="0" ind2="4" tag="780"><subfield code="t">Canton independent</subfield><subfield code="w">(DLC)sn 86081741</subfield></datafield><datafield ind1="0" ind2="4" tag="780"><subfield code="t">Canton sentinel (Canton, Pa. : 1907)</subfield><subfield code="w">(DLC)sn 86081406</subfield></datafield></record>